<collection xmlns="http://www.loc.gov/MARC21/slim">
   <record>
      <leader>02956nam a2200397 i 4500</leader>
      <controlfield tag="001">6748930</controlfield>
      <controlfield tag="003">FlBoTFG</controlfield>
      <controlfield tag="005">20141121161956.0</controlfield>
      <controlfield tag="006">m|||||o||d||||||||</controlfield>
      <controlfield tag="007">cr||||</controlfield>
      <controlfield tag="008">141121t20152015fluad   ob    001 0 eng d</controlfield>
      <datafield ind1=" " ind2=" " tag="020">
         <subfield code="a">9781466579996 (e-book : PDF)</subfield>
      </datafield>
      <datafield ind1=" " ind2=" " tag="035">
         <subfield code="a">ocn896599212</subfield>
      </datafield>
      <datafield ind1=" " ind2=" " tag="039">
         <subfield code="a">exclude</subfield>
      </datafield>
      <datafield ind1=" " ind2=" " tag="040">
         <subfield code="a">FlBoTFG</subfield>
         <subfield code="b">eng</subfield>
         <subfield code="c">FlBoTFG</subfield>
         <subfield code="e">rda</subfield>
         <subfield code="d">AEU</subfield>
      </datafield>
      <datafield ind1=" " ind2="4" tag="050">
         <subfield code="a">HD9665.5</subfield>
         <subfield code="b">.R45 2015</subfield>
      </datafield>
      <datafield ind1=" " ind2=" " tag="090">
         <subfield code="a">Internet Access</subfield>
         <subfield code="b">AEU</subfield>
      </datafield>
      <datafield ind1="0" ind2="0" tag="245">
         <subfield code="a">Re-inventing drug development /</subfield>
         <subfield code="c">edited by Jeffrey S. Handen, PhD, Medidata Solutions, Inc. New York, New York, USA.</subfield>
      </datafield>
      <datafield ind1=" " ind2="1" tag="264">
         <subfield code="a">Boca Raton :</subfield>
         <subfield code="b">CRC Press,</subfield>
         <subfield code="c">[2015]</subfield>
      </datafield>
      <datafield ind1=" " ind2="4" tag="264">
         <subfield code="c">©2015</subfield>
      </datafield>
      <datafield ind1=" " ind2=" " tag="300">
         <subfield code="a">1 online resource.</subfield>
      </datafield>
      <datafield ind1=" " ind2=" " tag="336">
         <subfield code="a">text</subfield>
         <subfield code="2">rdacontent</subfield>
         <subfield code="0">http://id.loc.gov/vocabulary/contentTypes/txt</subfield>
      </datafield>
      <datafield ind1=" " ind2=" " tag="337">
         <subfield code="a">computer</subfield>
         <subfield code="2">rdamedia</subfield>
         <subfield code="0">http://id.loc.gov/vocabulary/mediaTypes/c</subfield>
      </datafield>
      <datafield ind1=" " ind2=" " tag="338">
         <subfield code="a">online resource</subfield>
         <subfield code="2">rdacarrier</subfield>
         <subfield code="0">http://id.loc.gov/vocabulary/carriers/cr</subfield>
      </datafield>
      <datafield ind1=" " ind2=" " tag="504">
         <subfield code="a">Includes bibliographical references and index.</subfield>
      </datafield>
      <datafield ind1="0" ind2=" " tag="505">
         <subfield code="a">Redefining innovation / Jeffrey S. Handen -- Collaborations of the future / Melinda S. Shockley -- Portfolio management : selecting the right "set of projects" to meet product development goals / Arun Kejariwal -- Funding and resourcing clinical development / Michael A. Martorelli -- Emerging role of patients in clinical research / Michael S. Katz -- Innovative organizations : viewpoints of organizational scholars and practitioners / Lindsey Kotrba, Ia Ko and Daniel R. Denison -- Moving toward personalized medicine : how to transform product development / Michele Pontinen, Jian Wang and Christopher Bouton.</subfield>
      </datafield>
      <datafield ind1=" " ind2=" " tag="520">
         <subfield code="a">"The biopharmaceutical industry has entered an era of unprecedented change and challenge, characterized by increasing pricing pressures, rising rates of attrition in the product development lifecycle, and decreasing scientific innovation. The most successful products are losing patent protection, and pipelines have been unable to fill the gap. This book explores the evolving definition of innovation in therapeutic product development and begins to examine its effects on and implications to the life sciences R&amp;D industry vis-a-vis collaboration, communication, and integration"--Provided by publisher.</subfield>
      </datafield>
      <datafield ind1=" " ind2=" " tag="596">
         <subfield code="a">44</subfield>
      </datafield>
      <datafield ind1=" " ind2="0" tag="650">
         <subfield code="a">Pharmaceutical industry</subfield>
         <subfield code="x">Management.</subfield>
         <subfield code="0">http://id.loc.gov/authorities/subjects/sh2010105989</subfield>
      </datafield>
      <datafield ind1=" " ind2="0" tag="650">
         <subfield code="a">Drugs</subfield>
         <subfield code="x">Marketing.</subfield>
         <subfield code="0">http://id.loc.gov/authorities/subjects/sh2005002422</subfield>
      </datafield>
      <datafield ind1="1" ind2=" " tag="700">
         <subfield code="a">Handen, Jeffrey S.,</subfield>
         <subfield code="e">editor.</subfield>
         <subfield code="0">http://id.loc.gov/authorities/names/n2004009674</subfield>
         <subfield code="0">http://viaf.org/viaf/269864827</subfield>
      </datafield>
      <datafield ind1=" " ind2=" " tag="758">
         <subfield code="0">http://worldcat.org/entity/work/id/102072586</subfield>
      </datafield>
      <datafield ind1="0" ind2=" " tag="787">
         <subfield code="n">OCLC Work Id</subfield>
         <subfield code="o">http://worldcat.org/entity/work/id/102072586</subfield>
      </datafield>
      <datafield ind1="4" ind2="0" tag="856">
         <subfield code="3">University of Alberta Access</subfield>
         <subfield code="u">http://marc.crcnetbase.com/isbn/9781466579996</subfield>
         <subfield code="z">(Unlimited Concurrent Users)</subfield>
      </datafield>
      <datafield ind1=" " ind2=" " tag="949">
         <subfield code="h">UAIN</subfield>
         <subfield code="z">CRC</subfield>
      </datafield>
      <datafield ind1=" " ind2=" " tag="926">
         <subfield code="a">Internet Access</subfield>
         <subfield code="w">LC</subfield>
         <subfield code="c">1</subfield>
         <subfield code="i">6748930-1001</subfield>
         <subfield code="l">INTERNET</subfield>
         <subfield code="m">UAINTERNET</subfield>
         <subfield code="r">Y</subfield>
         <subfield code="s">Y</subfield>
         <subfield code="t">E-RESOURCE</subfield>
         <subfield code="u">12/2/2014</subfield>
         <subfield code="x">E-BOOK</subfield>
         <subfield code="z">CRC</subfield>
      </datafield>
   </record>
</collection>
